%YAML 1.1
%TAG !u! tag:unity3d.com,2011:
--- !u!1001 &100100000
Prefab:
  m_ObjectHideFlags: 1
  serializedVersion: 2
  m_Modification:
    m_TransformParent: {fileID: 0}
    m_Modifications: []
    m_RemovedComponents: []
  m_ParentPrefab: {fileID: 0}
  m_RootGameObject: {fileID: 1386401119652722}
  m_IsPrefabParent: 1
--- !u!1 &1386401119652722
GameObject:
  m_ObjectHideFlags: 0
  m_PrefabParentObject: {fileID: 0}
  m_PrefabInternal: {fileID: 100100000}
  serializedVersion: 5
  m_Component:
  - component: {fileID: 4487334600754184}
  - component: {fileID: 114501302263864474}
  - component: {fileID: 114226355235637792}
  - component: {fileID: 114446340996473558}
  - component: {fileID: 114663134140324536}
  - component: {fileID: 114465836145333684}
  - component: {fileID: 114002253279012298}
  - component: {fileID: 114316404437955082}
  - component: {fileID: 114240409541481254}
  - component: {fileID: 114788548678405700}
  - component: {fileID: 114229808339769794}
  - component: {fileID: 114791944929162786}
  - component: {fileID: 114522138304861202}
  - component: {fileID: 114836520116659136}
  - component: {fileID: 114223703152046886}
  - component: {fileID: 114437929810761626}
  - component: {fileID: 114243879912361158}
  - component: {fileID: 114412163168312480}
  - component: {fileID: 114232481476919522}
  - component: {fileID: 114345003067859766}
  - component: {fileID: 114673035404315224}
  - component: {fileID: 114351113950130536}
  - component: {fileID: 114935933687145140}
  - component: {fileID: 114622456810374540}
  - component: {fileID: 114242309615108020}
  - component: {fileID: 114961818040098002}
  - component: {fileID: 114964970472748740}
  - component: {fileID: 114365332110354622}
  - component: {fileID: 114837627699696596}
  - component: {fileID: 114643131850274956}
  - component: {fileID: 114732715484466456}
  m_Layer: 0
  m_Name: InAudio AudioSave
  m_TagString: Untagged
  m_Icon: {fileID: 0}
  m_NavMeshLayer: 0
  m_StaticEditorFlags: 0
  m_IsActive: 1
--- !u!4 &4487334600754184
Transform:
  m_ObjectHideFlags: 1
  m_PrefabParentObject: {fileID: 0}
  m_PrefabInternal: {fileID: 100100000}
  m_GameObject: {fileID: 1386401119652722}
  m_LocalRotation: {x: 0, y: 0, z: 0, w: 1}
  m_LocalPosition: {x: 0, y: 0, z: 0}
  m_LocalScale: {x: 1, y: 1, z: 1}
  m_Children: []
  m_Father: {fileID: 0}
  m_RootOrder: 0
  m_LocalEulerAnglesHint: {x: 0, y: 0, z: 0}
--- !u!114 &114002253279012298
MonoBehaviour:
  m_ObjectHideFlags: 1
  m_PrefabParentObject: {fileID: 0}
  m_PrefabInternal: {fileID: 100100000}
  m_GameObject: {fileID: 1386401119652722}
  m_Enabled: 1
  m_EditorHideFlags: 0
  m_Script: {fileID: 11500000, guid: 5ed61107f423a9247b9013a516fcee4c, type: 3}
  m_Name: 
  m_EditorClassIdentifier: 
  ExternalPlacement: 0
  OverrideParentBank: 0
  BankLink: {fileID: 114717145152654104, guid: 62886314a712e2340af1bf69da02503a, type: 2}
  VolumeMin: 1
  runtimeVolume: 1
--- !u!114 &114223703152046886
MonoBehaviour:
  m_ObjectHideFlags: 1
  m_PrefabParentObject: {fileID: 0}
  m_PrefabInternal: {fileID: 100100000}
  m_GameObject: {fileID: 1386401119652722}
  m_Enabled: 1
  m_EditorHideFlags: 0
  m_Script: {fileID: 11500000, guid: 0fc14a519ae4a03499b0c9ddb2abae5b, type: 3}
  m_Name: 
  m_EditorClassIdentifier: 
  RandomVolume: 0
  MinVolume: 1
  MaxVolume: 1
  RandomizeDelay: 0
  InitialDelayMin: 0
  InitialDelayMax: 0
  RandomPitch: 0
  MinPitch: 1
  MaxPitch: 1
  RandomBlend: 0
  MinBlend: 1
  MaxBlend: 1
  Loop: 0
  LoopInfinite: 0
  RandomizeLoops: 0
  MinIterations: 1
  MaxIterations: 1
  OverrideAttenuation: 0
  MinDistance: 1
  MaxDistance: 500
  RolloffMode: 0
  LimitInstances: 0
  MaxInstances: 1
  InstanceStealingTypes: 0
  Priority: 128
  RandomSecondsOffset: 0
  MinSecondsOffset: 0
  MaxSecondsOffset: 0
  SelectedArea: 0
  FalloffCurve:
    serializedVersion: 2
    m_Curve:
    - serializedVersion: 2
      time: 0
      value: 1
      inSlope: 0
      outSlope: 0
      tangentMode: 0
    - serializedVersion: 2
      time: 0.1
      value: 1
      inSlope: 0
      outSlope: 0
      tangentMode: 0
    - serializedVersion: 2
      time: 1
      value: 0
      inSlope: 0
      outSlope: 0
      tangentMode: 0
    m_PreInfinity: 2
    m_PostInfinity: 2
    m_RotationOrder: 4
  _clip: {fileID: 0}
  LoadedFromAssetBundle: 0
--- !u!114 &114226355235637792
MonoBehaviour:
  m_ObjectHideFlags: 1
  m_PrefabParentObject: {fileID: 0}
  m_PrefabInternal: {fileID: 100100000}
  m_GameObject: {fileID: 1386401119652722}
  m_Enabled: 1
  m_EditorHideFlags: 0
  m_Script: {fileID: 11500000, guid: 5ed61107f423a9247b9013a516fcee4c, type: 3}
  m_Name: 
  m_EditorClassIdentifier: 
  ExternalPlacement: 0
  OverrideParentBank: 0
  BankLink: {fileID: 114717145152654104, guid: 62886314a712e2340af1bf69da02503a, type: 2}
  VolumeMin: 1
  runtimeVolume: 1
--- !u!114 &114229808339769794
MonoBehaviour:
  m_ObjectHideFlags: 1
  m_PrefabParentObject: {fileID: 0}
  m_PrefabInternal: {fileID: 100100000}
  m_GameObject: {fileID: 1386401119652722}
  m_Enabled: 1
  m_EditorHideFlags: 0
  m_Script: {fileID: 11500000, guid: 0fc14a519ae4a03499b0c9ddb2abae5b, type: 3}
  m_Name: 
  m_EditorClassIdentifier: 
  RandomVolume: 0
  MinVolume: 1
  MaxVolume: 1
  RandomizeDelay: 0
  InitialDelayMin: 0
  InitialDelayMax: 0
  RandomPitch: 0
  MinPitch: 1
  MaxPitch: 1
  RandomBlend: 0
  MinBlend: 1
  MaxBlend: 1
  Loop: 0
  LoopInfinite: 0
  RandomizeLoops: 0
  MinIterations: 1
  MaxIterations: 1
  OverrideAttenuation: 0
  MinDistance: 1
  MaxDistance: 500
  RolloffMode: 0
  LimitInstances: 0
  MaxInstances: 1
  InstanceStealingTypes: 0
  Priority: 128
  RandomSecondsOffset: 0
  MinSecondsOffset: 0
  MaxSecondsOffset: 0
  SelectedArea: 0
  FalloffCurve:
    serializedVersion: 2
    m_Curve:
    - serializedVersion: 2
      time: 0
      value: 1
      inSlope: 0
      outSlope: 0
      tangentMode: 0
    - serializedVersion: 2
      time: 0.1
      value: 1
      inSlope: 0
      outSlope: 0
      tangentMode: 0
    - serializedVersion: 2
      time: 1
      value: 0
      inSlope: 0
      outSlope: 0
      tangentMode: 0
    m_PreInfinity: 2
    m_PostInfinity: 2
    m_RotationOrder: 4
  _clip: {fileID: 0}
  LoadedFromAssetBundle: 0
--- !u!114 &114232481476919522
MonoBehaviour:
  m_ObjectHideFlags: 1
  m_PrefabParentObject: {fileID: 0}
  m_PrefabInternal: {fileID: 100100000}
  m_GameObject: {fileID: 1386401119652722}
  m_Enabled: 1
  m_EditorHideFlags: 0
  m_Script: {fileID: 11500000, guid: 0fc14a519ae4a03499b0c9ddb2abae5b, type: 3}
  m_Name: 
  m_EditorClassIdentifier: 
  RandomVolume: 0
  MinVolume: 1
  MaxVolume: 1
  RandomizeDelay: 0
  InitialDelayMin: 0
  InitialDelayMax: 0
  RandomPitch: 0
  MinPitch: 1
  MaxPitch: 1
  RandomBlend: 0
  MinBlend: 1
  MaxBlend: 1
  Loop: 0
  LoopInfinite: 0
  RandomizeLoops: 0
  MinIterations: 1
  MaxIterations: 1
  OverrideAttenuation: 0
  MinDistance: 1
  MaxDistance: 500
  RolloffMode: 0
  LimitInstances: 0
  MaxInstances: 1
  InstanceStealingTypes: 0
  Priority: 128
  RandomSecondsOffset: 0
  MinSecondsOffset: 0
  MaxSecondsOffset: 0
  SelectedArea: 0
  FalloffCurve:
    serializedVersion: 2
    m_Curve:
    - serializedVersion: 2
      time: 0
      value: 1
      inSlope: 0
      outSlope: 0
      tangentMode: 0
    - serializedVersion: 2
      time: 0.1
      value: 1
      inSlope: 0
      outSlope: 0
      tangentMode: 0
    - serializedVersion: 2
      time: 1
      value: 0
      inSlope: 0
      outSlope: 0
      tangentMode: 0
    m_PreInfinity: 2
    m_PostInfinity: 2
    m_RotationOrder: 4
  _clip: {fileID: 0}
  LoadedFromAssetBundle: 0
--- !u!114 &114240409541481254
MonoBehaviour:
  m_ObjectHideFlags: 1
  m_PrefabParentObject: {fileID: 0}
  m_PrefabInternal: {fileID: 100100000}
  m_GameObject: {fileID: 1386401119652722}
  m_Enabled: 1
  m_EditorHideFlags: 0
  m_Script: {fileID: 11500000, guid: 5ed61107f423a9247b9013a516fcee4c, type: 3}
  m_Name: 
  m_EditorClassIdentifier: 
  ExternalPlacement: 0
  OverrideParentBank: 0
  BankLink: {fileID: 114717145152654104, guid: 62886314a712e2340af1bf69da02503a, type: 2}
  VolumeMin: 1
  runtimeVolume: 1
--- !u!114 &114242309615108020
MonoBehaviour:
  m_ObjectHideFlags: 1
  m_PrefabParentObject: {fileID: 0}
  m_PrefabInternal: {fileID: 100100000}
  m_GameObject: {fileID: 1386401119652722}
  m_Enabled: 1
  m_EditorHideFlags: 0
  m_Script: {fileID: 11500000, guid: 0fc14a519ae4a03499b0c9ddb2abae5b, type: 3}
  m_Name: 
  m_EditorClassIdentifier: 
  RandomVolume: 0
  MinVolume: 1
  MaxVolume: 1
  RandomizeDelay: 0
  InitialDelayMin: 0
  InitialDelayMax: 0
  RandomPitch: 0
  MinPitch: 1
  MaxPitch: 1
  RandomBlend: 0
  MinBlend: 1
  MaxBlend: 1
  Loop: 0
  LoopInfinite: 0
  RandomizeLoops: 0
  MinIterations: 1
  MaxIterations: 1
  OverrideAttenuation: 0
  MinDistance: 1
  MaxDistance: 500
  RolloffMode: 0
  LimitInstances: 0
  MaxInstances: 1
  InstanceStealingTypes: 0
  Priority: 128
  RandomSecondsOffset: 0
  MinSecondsOffset: 0
  MaxSecondsOffset: 0
  SelectedArea: 0
  FalloffCurve:
    serializedVersion: 2
    m_Curve:
    - serializedVersion: 2
      time: 0
      value: 1
      inSlope: 0
      outSlope: 0
      tangentMode: 0
    - serializedVersion: 2
      time: 0.1
      value: 1
      inSlope: 0
      outSlope: 0
      tangentMode: 0
    - serializedVersion: 2
      time: 1
      value: 0
      inSlope: 0
      outSlope: 0
      tangentMode: 0
    m_PreInfinity: 2
    m_PostInfinity: 2
    m_RotationOrder: 4
  _clip: {fileID: 0}
  LoadedFromAssetBundle: 0
--- !u!114 &114243879912361158
MonoBehaviour:
  m_ObjectHideFlags: 1
  m_PrefabParentObject: {fileID: 0}
  m_PrefabInternal: {fileID: 100100000}
  m_GameObject: {fileID: 1386401119652722}
  m_Enabled: 1
  m_EditorHideFlags: 0
  m_Script: {fileID: 11500000, guid: 0fc14a519ae4a03499b0c9ddb2abae5b, type: 3}
  m_Name: 
  m_EditorClassIdentifier: 
  RandomVolume: 0
  MinVolume: 1
  MaxVolume: 1
  RandomizeDelay: 0
  InitialDelayMin: 0
  InitialDelayMax: 0
  RandomPitch: 0
  MinPitch: 1
  MaxPitch: 1
  RandomBlend: 0
  MinBlend: 1
  MaxBlend: 1
  Loop: 0
  LoopInfinite: 0
  RandomizeLoops: 0
  MinIterations: 1
  MaxIterations: 1
  OverrideAttenuation: 0
  MinDistance: 1
  MaxDistance: 500
  RolloffMode: 0
  LimitInstances: 0
  MaxInstances: 1
  InstanceStealingTypes: 0
  Priority: 128
  RandomSecondsOffset: 0
  MinSecondsOffset: 0
  MaxSecondsOffset: 0
  SelectedArea: 0
  FalloffCurve:
    serializedVersion: 2
    m_Curve:
    - serializedVersion: 2
      time: 0
      value: 1
      inSlope: 0
      outSlope: 0
      tangentMode: 0
    - serializedVersion: 2
      time: 0.1
      value: 1
      inSlope: 0
      outSlope: 0
      tangentMode: 0
    - serializedVersion: 2
      time: 1
      value: 0
      inSlope: 0
      outSlope: 0
      tangentMode: 0
    m_PreInfinity: 2
    m_PostInfinity: 2
    m_RotationOrder: 4
  _clip: {fileID: 0}
  LoadedFromAssetBundle: 0
--- !u!114 &114316404437955082
MonoBehaviour:
  m_ObjectHideFlags: 1
  m_PrefabParentObject: {fileID: 0}
  m_PrefabInternal: {fileID: 100100000}
  m_GameObject: {fileID: 1386401119652722}
  m_Enabled: 1
  m_EditorHideFlags: 0
  m_Script: {fileID: 11500000, guid: 19242b74995c0e44a8799397a6b0059a, type: 3}
  m_Name: 
  m_EditorClassIdentifier: 
  _guid: 1129584738
  _type: 1
  _nodeData: {fileID: 114240409541481254}
  Name: Audio Folder 2
  _parent: {fileID: 114501302263864474}
  OverrideParentMixerGroup: 0
  MixerGroup: {fileID: 0}
  _children: []
  Filtered: 0
  FoldedOut: 0
  ScrollPosition: {x: 0, y: 0}
--- !u!114 &114345003067859766
MonoBehaviour:
  m_ObjectHideFlags: 1
  m_PrefabParentObject: {fileID: 0}
  m_PrefabInternal: {fileID: 100100000}
  m_GameObject: {fileID: 1386401119652722}
  m_Enabled: 1
  m_EditorHideFlags: 0
  m_Script: {fileID: 11500000, guid: 19242b74995c0e44a8799397a6b0059a, type: 3}
  m_Name: 
  m_EditorClassIdentifier: 
  _guid: 764292783
  _type: 6
  _nodeData: {fileID: 114673035404315224}
  Name: Multi-Sound Example
  _parent: {fileID: 114446340996473558}
  OverrideParentMixerGroup: 0
  MixerGroup: {fileID: 0}
  _children:
  - {fileID: 114351113950130536}
  - {fileID: 114622456810374540}
  Filtered: 0
  FoldedOut: 1
  ScrollPosition: {x: 0, y: 0}
--- !u!114 &114351113950130536
MonoBehaviour:
  m_ObjectHideFlags: 1
  m_PrefabParentObject: {fileID: 0}
  m_PrefabInternal: {fileID: 100100000}
  m_GameObject: {fileID: 1386401119652722}
  m_Enabled: 1
  m_EditorHideFlags: 0
  m_Script: {fileID: 11500000, guid: 19242b74995c0e44a8799397a6b0059a, type: 3}
  m_Name: 
  m_EditorClassIdentifier: 
  _guid: 1064945714
  _type: 2
  _nodeData: {fileID: 114935933687145140}
  Name: Played simultaneously
  _parent: {fileID: 114345003067859766}
  OverrideParentMixerGroup: 0
  MixerGroup: {fileID: 0}
  _children: []
  Filtered: 0
  FoldedOut: 0
  ScrollPosition: {x: 0, y: 0}
--- !u!114 &114365332110354622
MonoBehaviour:
  m_ObjectHideFlags: 1
  m_PrefabParentObject: {fileID: 0}
  m_PrefabInternal: {fileID: 100100000}
  m_GameObject: {fileID: 1386401119652722}
  m_Enabled: 1
  m_EditorHideFlags: 0
  m_Script: {fileID: 11500000, guid: 19242b74995c0e44a8799397a6b0059a, type: 3}
  m_Name: 
  m_EditorClassIdentifier: 
  _guid: 1951179118
  _type: 2
  _nodeData: {fileID: 114837627699696596}
  Name: Played first
  _parent: {fileID: 114961818040098002}
  OverrideParentMixerGroup: 0
  MixerGroup: {fileID: 0}
  _children: []
  Filtered: 0
  FoldedOut: 0
  ScrollPosition: {x: 0, y: 0}
--- !u!114 &114412163168312480
MonoBehaviour:
  m_ObjectHideFlags: 1
  m_PrefabParentObject: {fileID: 0}
  m_PrefabInternal: {fileID: 100100000}
  m_GameObject: {fileID: 1386401119652722}
  m_Enabled: 1
  m_EditorHideFlags: 0
  m_Script: {fileID: 11500000, guid: 19242b74995c0e44a8799397a6b0059a, type: 3}
  m_Name: 
  m_EditorClassIdentifier: 
  _guid: 1500604933
  _type: 2
  _nodeData: {fileID: 114232481476919522}
  Name: Empty Example Audio Node
  _parent: {fileID: 114791944929162786}
  OverrideParentMixerGroup: 0
  MixerGroup: {fileID: 0}
  _children: []
  Filtered: 0
  FoldedOut: 0
  ScrollPosition: {x: 0, y: 0}
--- !u!114 &114437929810761626
MonoBehaviour:
  m_ObjectHideFlags: 1
  m_PrefabParentObject: {fileID: 0}
  m_PrefabInternal: {fileID: 100100000}
  m_GameObject: {fileID: 1386401119652722}
  m_Enabled: 1
  m_EditorHideFlags: 0
  m_Script: {fileID: 11500000, guid: 19242b74995c0e44a8799397a6b0059a, type: 3}
  m_Name: 
  m_EditorClassIdentifier: 
  _guid: 1034604068
  _type: 2
  _nodeData: {fileID: 114243879912361158}
  Name: Empty Example Audio Node
  _parent: {fileID: 114791944929162786}
  OverrideParentMixerGroup: 0
  MixerGroup: {fileID: 0}
  _children: []
  Filtered: 0
  FoldedOut: 0
  ScrollPosition: {x: 0, y: 0}
--- !u!114 &114446340996473558
MonoBehaviour:
  m_ObjectHideFlags: 1
  m_PrefabParentObject: {fileID: 0}
  m_PrefabInternal: {fileID: 100100000}
  m_GameObject: {fileID: 1386401119652722}
  m_Enabled: 1
  m_EditorHideFlags: 0
  m_Script: {fileID: 11500000, guid: 19242b74995c0e44a8799397a6b0059a, type: 3}
  m_Name: 
  m_EditorClassIdentifier: 
  _guid: 1897790061
  _type: 1
  _nodeData: {fileID: 114663134140324536}
  Name: Audio Folder 0
  _parent: {fileID: 114501302263864474}
  OverrideParentMixerGroup: 0
  MixerGroup: {fileID: 0}
  _children:
  - {fileID: 114788548678405700}
  - {fileID: 114791944929162786}
  - {fileID: 114345003067859766}
  - {fileID: 114961818040098002}
  Filtered: 0
  FoldedOut: 1
  ScrollPosition: {x: 0, y: 0}
--- !u!114 &114465836145333684
MonoBehaviour:
  m_ObjectHideFlags: 1
  m_PrefabParentObject: {fileID: 0}
  m_PrefabInternal: {fileID: 100100000}
  m_GameObject: {fileID: 1386401119652722}
  m_Enabled: 1
  m_EditorHideFlags: 0
  m_Script: {fileID: 11500000, guid: 19242b74995c0e44a8799397a6b0059a, type: 3}
  m_Name: 
  m_EditorClassIdentifier: 
  _guid: 835539289
  _type: 1
  _nodeData: {fileID: 114002253279012298}
  Name: Audio Folder 1
  _parent: {fileID: 114501302263864474}
  OverrideParentMixerGroup: 0
  MixerGroup: {fileID: 0}
  _children: []
  Filtered: 0
  FoldedOut: 0
  ScrollPosition: {x: 0, y: 0}
--- !u!114 &114501302263864474
MonoBehaviour:
  m_ObjectHideFlags: 1
  m_PrefabParentObject: {fileID: 0}
  m_PrefabInternal: {fileID: 100100000}
  m_GameObject: {fileID: 1386401119652722}
  m_Enabled: 1
  m_EditorHideFlags: 0
  m_Script: {fileID: 11500000, guid: 19242b74995c0e44a8799397a6b0059a, type: 3}
  m_Name: 
  m_EditorClassIdentifier: 
  _guid: 1076271827
  _type: 0
  _nodeData: {fileID: 114226355235637792}
  Name: Audio Root
  _parent: {fileID: 0}
  OverrideParentMixerGroup: 0
  MixerGroup: {fileID: 0}
  _children:
  - {fileID: 114446340996473558}
  - {fileID: 114465836145333684}
  - {fileID: 114316404437955082}
  Filtered: 0
  FoldedOut: 1
  ScrollPosition: {x: 0, y: 0}
--- !u!114 &114522138304861202
MonoBehaviour:
  m_ObjectHideFlags: 1
  m_PrefabParentObject: {fileID: 0}
  m_PrefabInternal: {fileID: 100100000}
  m_GameObject: {fileID: 1386401119652722}
  m_Enabled: 1
  m_EditorHideFlags: 0
  m_Script: {fileID: 11500000, guid: da080403990c5ad44870e8ac68f3ea73, type: 3}
  m_Name: 
  m_EditorClassIdentifier: 
  RandomVolume: 0
  MinVolume: 1
  MaxVolume: 1
  RandomizeDelay: 0
  InitialDelayMin: 0
  InitialDelayMax: 0
  RandomPitch: 0
  MinPitch: 1
  MaxPitch: 1
  RandomBlend: 0
  MinBlend: 1
  MaxBlend: 1
  Loop: 0
  LoopInfinite: 0
  RandomizeLoops: 0
  MinIterations: 1
  MaxIterations: 1
  OverrideAttenuation: 0
  MinDistance: 1
  MaxDistance: 500
  RolloffMode: 0
  LimitInstances: 0
  MaxInstances: 1
  InstanceStealingTypes: 0
  Priority: 128
  RandomSecondsOffset: 0
  MinSecondsOffset: 0
  MaxSecondsOffset: 0
  SelectedArea: 0
  FalloffCurve:
    serializedVersion: 2
    m_Curve:
    - serializedVersion: 2
      time: 0
      value: 1
      inSlope: 0
      outSlope: 0
      tangentMode: 0
    - serializedVersion: 2
      time: 0.1
      value: 1
      inSlope: 0
      outSlope: 0
      tangentMode: 0
    - serializedVersion: 2
      time: 1
      value: 0
      inSlope: 0
      outSlope: 0
      tangentMode: 0
    m_PreInfinity: 2
    m_PostInfinity: 2
    m_RotationOrder: 4
  weights: 320000003200000032000000
  doNotRepeat: 1
--- !u!114 &114622456810374540
MonoBehaviour:
  m_ObjectHideFlags: 1
  m_PrefabParentObject: {fileID: 0}
  m_PrefabInternal: {fileID: 100100000}
  m_GameObject: {fileID: 1386401119652722}
  m_Enabled: 1
  m_EditorHideFlags: 0
  m_Script: {fileID: 11500000, guid: 19242b74995c0e44a8799397a6b0059a, type: 3}
  m_Name: 
  m_EditorClassIdentifier: 
  _guid: 992650944
  _type: 2
  _nodeData: {fileID: 114242309615108020}
  Name: Played simultaneously
  _parent: {fileID: 114345003067859766}
  OverrideParentMixerGroup: 0
  MixerGroup: {fileID: 0}
  _children: []
  Filtered: 0
  FoldedOut: 0
  ScrollPosition: {x: 0, y: 0}
--- !u!114 &114643131850274956
MonoBehaviour:
  m_ObjectHideFlags: 1
  m_PrefabParentObject: {fileID: 0}
  m_PrefabInternal: {fileID: 100100000}
  m_GameObject: {fileID: 1386401119652722}
  m_Enabled: 1
  m_EditorHideFlags: 0
  m_Script: {fileID: 11500000, guid: 19242b74995c0e44a8799397a6b0059a, type: 3}
  m_Name: 
  m_EditorClassIdentifier: 
  _guid: 877996794
  _type: 2
  _nodeData: {fileID: 114732715484466456}
  Name: Played secondly
  _parent: {fileID: 114961818040098002}
  OverrideParentMixerGroup: 0
  MixerGroup: {fileID: 0}
  _children: []
  Filtered: 0
  FoldedOut: 0
  ScrollPosition: {x: 0, y: 0}
--- !u!114 &114663134140324536
MonoBehaviour:
  m_ObjectHideFlags: 1
  m_PrefabParentObject: {fileID: 0}
  m_PrefabInternal: {fileID: 100100000}
  m_GameObject: {fileID: 1386401119652722}
  m_Enabled: 1
  m_EditorHideFlags: 0
  m_Script: {fileID: 11500000, guid: 5ed61107f423a9247b9013a516fcee4c, type: 3}
  m_Name: 
  m_EditorClassIdentifier: 
  ExternalPlacement: 0
  OverrideParentBank: 0
  BankLink: {fileID: 114717145152654104, guid: 62886314a712e2340af1bf69da02503a, type: 2}
  VolumeMin: 1
  runtimeVolume: 1
--- !u!114 &114673035404315224
MonoBehaviour:
  m_ObjectHideFlags: 1
  m_PrefabParentObject: {fileID: 0}
  m_PrefabInternal: {fileID: 100100000}
  m_GameObject: {fileID: 1386401119652722}
  m_Enabled: 1
  m_EditorHideFlags: 0
  m_Script: {fileID: 11500000, guid: 2d480ddf5b4b82d47bec4c088206d71a, type: 3}
  m_Name: 
  m_EditorClassIdentifier: 
  RandomVolume: 0
  MinVolume: 1
  MaxVolume: 1
  RandomizeDelay: 0
  InitialDelayMin: 0
  InitialDelayMax: 0
  RandomPitch: 0
  MinPitch: 1
  MaxPitch: 1
  RandomBlend: 0
  MinBlend: 1
  MaxBlend: 1
  Loop: 0
  LoopInfinite: 0
  RandomizeLoops: 0
  MinIterations: 1
  MaxIterations: 1
  OverrideAttenuation: 0
  MinDistance: 1
  MaxDistance: 500
  RolloffMode: 0
  LimitInstances: 0
  MaxInstances: 1
  InstanceStealingTypes: 0
  Priority: 128
  RandomSecondsOffset: 0
  MinSecondsOffset: 0
  MaxSecondsOffset: 0
  SelectedArea: 0
  FalloffCurve:
    serializedVersion: 2
    m_Curve:
    - serializedVersion: 2
      time: 0
      value: 1
      inSlope: 0
      outSlope: 0
      tangentMode: 0
    - serializedVersion: 2
      time: 0.1
      value: 1
      inSlope: 0
      outSlope: 0
      tangentMode: 0
    - serializedVersion: 2
      time: 1
      value: 0
      inSlope: 0
      outSlope: 0
      tangentMode: 0
    m_PreInfinity: 2
    m_PostInfinity: 2
    m_RotationOrder: 4
--- !u!114 &114732715484466456
MonoBehaviour:
  m_ObjectHideFlags: 1
  m_PrefabParentObject: {fileID: 0}
  m_PrefabInternal: {fileID: 100100000}
  m_GameObject: {fileID: 1386401119652722}
  m_Enabled: 1
  m_EditorHideFlags: 0
  m_Script: {fileID: 11500000, guid: 0fc14a519ae4a03499b0c9ddb2abae5b, type: 3}
  m_Name: 
  m_EditorClassIdentifier: 
  RandomVolume: 0
  MinVolume: 1
  MaxVolume: 1
  RandomizeDelay: 0
  InitialDelayMin: 0
  InitialDelayMax: 0
  RandomPitch: 0
  MinPitch: 1
  MaxPitch: 1
  RandomBlend: 0
  MinBlend: 1
  MaxBlend: 1
  Loop: 0
  LoopInfinite: 0
  RandomizeLoops: 0
  MinIterations: 1
  MaxIterations: 1
  OverrideAttenuation: 0
  MinDistance: 1
  MaxDistance: 500
  RolloffMode: 0
  LimitInstances: 0
  MaxInstances: 1
  InstanceStealingTypes: 0
  Priority: 128
  RandomSecondsOffset: 0
  MinSecondsOffset: 0
  MaxSecondsOffset: 0
  SelectedArea: 0
  FalloffCurve:
    serializedVersion: 2
    m_Curve:
    - serializedVersion: 2
      time: 0
      value: 1
      inSlope: 0
      outSlope: 0
      tangentMode: 0
    - serializedVersion: 2
      time: 0.1
      value: 1
      inSlope: 0
      outSlope: 0
      tangentMode: 0
    - serializedVersion: 2
      time: 1
      value: 0
      inSlope: 0
      outSlope: 0
      tangentMode: 0
    m_PreInfinity: 2
    m_PostInfinity: 2
    m_RotationOrder: 4
  _clip: {fileID: 0}
  LoadedFromAssetBundle: 0
--- !u!114 &114788548678405700
MonoBehaviour:
  m_ObjectHideFlags: 1
  m_PrefabParentObject: {fileID: 0}
  m_PrefabInternal: {fileID: 100100000}
  m_GameObject: {fileID: 1386401119652722}
  m_Enabled: 1
  m_EditorHideFlags: 0
  m_Script: {fileID: 11500000, guid: 19242b74995c0e44a8799397a6b0059a, type: 3}
  m_Name: 
  m_EditorClassIdentifier: 
  _guid: 2033111678
  _type: 2
  _nodeData: {fileID: 114229808339769794}
  Name: Empty Example Audio Node
  _parent: {fileID: 114446340996473558}
  OverrideParentMixerGroup: 0
  MixerGroup: {fileID: 0}
  _children: []
  Filtered: 0
  FoldedOut: 0
  ScrollPosition: {x: 0, y: 0}
--- !u!114 &114791944929162786
MonoBehaviour:
  m_ObjectHideFlags: 1
  m_PrefabParentObject: {fileID: 0}
  m_PrefabInternal: {fileID: 100100000}
  m_GameObject: {fileID: 1386401119652722}
  m_Enabled: 1
  m_EditorHideFlags: 0
  m_Script: {fileID: 11500000, guid: 19242b74995c0e44a8799397a6b0059a, type: 3}
  m_Name: 
  m_EditorClassIdentifier: 
  _guid: 1114549439
  _type: 3
  _nodeData: {fileID: 114522138304861202}
  Name: Random Node Example
  _parent: {fileID: 114446340996473558}
  OverrideParentMixerGroup: 0
  MixerGroup: {fileID: 0}
  _children:
  - {fileID: 114836520116659136}
  - {fileID: 114437929810761626}
  - {fileID: 114412163168312480}
  Filtered: 0
  FoldedOut: 1
  ScrollPosition: {x: 0, y: 0}
--- !u!114 &114836520116659136
MonoBehaviour:
  m_ObjectHideFlags: 1
  m_PrefabParentObject: {fileID: 0}
  m_PrefabInternal: {fileID: 100100000}
  m_GameObject: {fileID: 1386401119652722}
  m_Enabled: 1
  m_EditorHideFlags: 0
  m_Script: {fileID: 11500000, guid: 19242b74995c0e44a8799397a6b0059a, type: 3}
  m_Name: 
  m_EditorClassIdentifier: 
  _guid: 408954693
  _type: 2
  _nodeData: {fileID: 114223703152046886}
  Name: Empty Example Audio Node
  _parent: {fileID: 114791944929162786}
  OverrideParentMixerGroup: 0
  MixerGroup: {fileID: 0}
  _children: []
  Filtered: 0
  FoldedOut: 0
  ScrollPosition: {x: 0, y: 0}
--- !u!114 &114837627699696596
MonoBehaviour:
  m_ObjectHideFlags: 1
  m_PrefabParentObject: {fileID: 0}
  m_PrefabInternal: {fileID: 100100000}
  m_GameObject: {fileID: 1386401119652722}
  m_Enabled: 1
  m_EditorHideFlags: 0
  m_Script: {fileID: 11500000, guid: 0fc14a519ae4a03499b0c9ddb2abae5b, type: 3}
  m_Name: 
  m_EditorClassIdentifier: 
  RandomVolume: 0
  MinVolume: 1
  MaxVolume: 1
  RandomizeDelay: 0
  InitialDelayMin: 0
  InitialDelayMax: 0
  RandomPitch: 0
  MinPitch: 1
  MaxPitch: 1
  RandomBlend: 0
  MinBlend: 1
  MaxBlend: 1
  Loop: 0
  LoopInfinite: 0
  RandomizeLoops: 0
  MinIterations: 1
  MaxIterations: 1
  OverrideAttenuation: 0
  MinDistance: 1
  MaxDistance: 500
  RolloffMode: 0
  LimitInstances: 0
  MaxInstances: 1
  InstanceStealingTypes: 0
  Priority: 128
  RandomSecondsOffset: 0
  MinSecondsOffset: 0
  MaxSecondsOffset: 0
  SelectedArea: 0
  FalloffCurve:
    serializedVersion: 2
    m_Curve:
    - serializedVersion: 2
      time: 0
      value: 1
      inSlope: 0
      outSlope: 0
      tangentMode: 0
    - serializedVersion: 2
      time: 0.1
      value: 1
      inSlope: 0
      outSlope: 0
      tangentMode: 0
    - serializedVersion: 2
      time: 1
      value: 0
      inSlope: 0
      outSlope: 0
      tangentMode: 0
    m_PreInfinity: 2
    m_PostInfinity: 2
    m_RotationOrder: 4
  _clip: {fileID: 0}
  LoadedFromAssetBundle: 0
--- !u!114 &114935933687145140
MonoBehaviour:
  m_ObjectHideFlags: 1
  m_PrefabParentObject: {fileID: 0}
  m_PrefabInternal: {fileID: 100100000}
  m_GameObject: {fileID: 1386401119652722}
  m_Enabled: 1
  m_EditorHideFlags: 0
  m_Script: {fileID: 11500000, guid: 0fc14a519ae4a03499b0c9ddb2abae5b, type: 3}
  m_Name: 
  m_EditorClassIdentifier: 
  RandomVolume: 0
  MinVolume: 1
  MaxVolume: 1
  RandomizeDelay: 0
  InitialDelayMin: 0
  InitialDelayMax: 0
  RandomPitch: 0
  MinPitch: 1
  MaxPitch: 1
  RandomBlend: 0
  MinBlend: 1
  MaxBlend: 1
  Loop: 0
  LoopInfinite: 0
  RandomizeLoops: 0
  MinIterations: 1
  MaxIterations: 1
  OverrideAttenuation: 0
  MinDistance: 1
  MaxDistance: 500
  RolloffMode: 0
  LimitInstances: 0
  MaxInstances: 1
  InstanceStealingTypes: 0
  Priority: 128
  RandomSecondsOffset: 0
  MinSecondsOffset: 0
  MaxSecondsOffset: 0
  SelectedArea: 0
  FalloffCurve:
    serializedVersion: 2
    m_Curve:
    - serializedVersion: 2
      time: 0
      value: 1
      inSlope: 0
      outSlope: 0
      tangentMode: 0
    - serializedVersion: 2
      time: 0.1
      value: 1
      inSlope: 0
      outSlope: 0
      tangentMode: 0
    - serializedVersion: 2
      time: 1
      value: 0
      inSlope: 0
      outSlope: 0
      tangentMode: 0
    m_PreInfinity: 2
    m_PostInfinity: 2
    m_RotationOrder: 4
  _clip: {fileID: 0}
  LoadedFromAssetBundle: 0
--- !u!114 &114961818040098002
MonoBehaviour:
  m_ObjectHideFlags: 1
  m_PrefabParentObject: {fileID: 0}
  m_PrefabInternal: {fileID: 100100000}
  m_GameObject: {fileID: 1386401119652722}
  m_Enabled: 1
  m_EditorHideFlags: 0
  m_Script: {fileID: 11500000, guid: 19242b74995c0e44a8799397a6b0059a, type: 3}
  m_Name: 
  m_EditorClassIdentifier: 
  _guid: 1223368892
  _type: 4
  _nodeData: {fileID: 114964970472748740}
  Name: Sequence-Sound Example
  _parent: {fileID: 114446340996473558}
  OverrideParentMixerGroup: 0
  MixerGroup: {fileID: 0}
  _children:
  - {fileID: 114365332110354622}
  - {fileID: 114643131850274956}
  Filtered: 0
  FoldedOut: 1
  ScrollPosition: {x: 0, y: 0}
--- !u!114 &114964970472748740
MonoBehaviour:
  m_ObjectHideFlags: 1
  m_PrefabParentObject: {fileID: 0}
  m_PrefabInternal: {fileID: 100100000}
  m_GameObject: {fileID: 1386401119652722}
  m_Enabled: 1
  m_EditorHideFlags: 0
  m_Script: {fileID: 11500000, guid: 154ea6f38f3496047aa6154e30666f81, type: 3}
  m_Name: 
  m_EditorClassIdentifier: 
  RandomVolume: 0
  MinVolume: 1
  MaxVolume: 1
  RandomizeDelay: 0
  InitialDelayMin: 0
  InitialDelayMax: 0
  RandomPitch: 0
  MinPitch: 1
  MaxPitch: 1
  RandomBlend: 0
  MinBlend: 1
  MaxBlend: 1
  Loop: 0
  LoopInfinite: 0
  RandomizeLoops: 0
  MinIterations: 1
  MaxIterations: 1
  OverrideAttenuation: 0
  MinDistance: 1
  MaxDistance: 500
  RolloffMode: 0
  LimitInstances: 0
  MaxInstances: 1
  InstanceStealingTypes: 0
  Priority: 128
  RandomSecondsOffset: 0
  MinSecondsOffset: 0
  MaxSecondsOffset: 0
  SelectedArea: 0
  FalloffCurve:
    serializedVersion: 2
    m_Curve:
    - serializedVersion: 2
      time: 0
      value: 1
      inSlope: 0
      outSlope: 0
      tangentMode: 0
    - serializedVersion: 2
      time: 0.1
      value: 1
      inSlope: 0
      outSlope: 0
      tangentMode: 0
    - serializedVersion: 2
      time: 1
      value: 0
      inSlope: 0
      outSlope: 0
      tangentMode: 0
    m_PreInfinity: 2
    m_PostInfinity: 2
    m_RotationOrder: 4
